<?xml version="1.0" encoding="UTF-8"?><collection xmlns="http://www.loc.gov/MARC21/slim"><record><leader>00707nam--2200217-i-4500</leader><controlfield tag="001">000044796</controlfield><controlfield tag="002">20161230</controlfield><controlfield tag="005">20161230201044</controlfield><controlfield tag="008">060222s1000------------r-----000-0-eng-d</controlfield><datafield ind1=" " ind2=" " tag="040"><subfield code="a">IFIN-HH</subfield></datafield><datafield ind1=" " ind2=" " tag="080"><subfield code="a">537.311.37</subfield></datafield><datafield ind1="1" ind2=" " tag="100"><subfield code="a">Thomson, J.J</subfield></datafield><datafield ind1="1" ind2="0" tag="245"><subfield code="a">Conduction of electricity through gases</subfield><subfield code="c">J.j. thomson, g.p. thomson</subfield></datafield><datafield ind1=" " ind2=" " tag="250"><subfield code="a">Unrevised Reprint Of The Third Edition</subfield></datafield><datafield ind1=" " ind2=" " tag="260"><subfield code="a">New York</subfield><subfield code="b">Dover Publications, Inc</subfield><subfield code="c">1928</subfield></datafield><datafield ind1=" " ind2=" " tag="300"><subfield code="a">IN TWO VOLUMES</subfield></datafield><datafield ind1=" " ind2=" " tag="490"><subfield code="a">Dover Books On Engineering And Engineering Physics</subfield></datafield><datafield ind1="1" ind2=" " tag="700"><subfield code="a">Thomson, G.P</subfield></datafield><datafield ind1=" " ind2=" " tag="787"><subfield code="a">Volume 1</subfield><subfield code="h">491p</subfield><subfield code="t">General Properties Of Ions Ionisation By Heat And Light</subfield></datafield><datafield ind1=" " ind2=" " tag="852"><subfield code="a">77184</subfield><subfield code="c">537.52</subfield></datafield><datafield ind1=" " ind2=" " tag="CAT"><subfield code="a">Sys</subfield><subfield code="c">20110804</subfield><subfield code="h">163346</subfield></datafield></record></collection>